@Book{ggplot,
    author = {Hadley Wickham},
    title = {ggplot2: Elegant Graphics for Data Analysis},
    publisher = {Springer-Verlag New York},
    year = {2016},
    isbn = {978-3-319-24277-4},
    note= {\url{https://ggplot2.tidyverse.org}},
  }

  


@Article{lmertest,
    title = {{lmerTest} Package: Tests in Linear Mixed Effects Models},
    author = {Alexandra Kuznetsova and Per B. Brockhoff and Rune H. B.
      Christensen},
    journal = {Journal of Statistical Software},
    year = {2017},
    volume = {82},
    number = {13},
    pages = {1--26},
    doi = {10.18637/jss.v082.i13},
  }
  
  
@Article{randomforest,
    title = {Classification and Regression by randomForest},
    author = {Andy Liaw and Matthew Wiener},
    journal = {R News},
    year = {2002},
    volume = {2},
    number = {3},
    pages = {18-22},
    note = {\url{https://CRAN.R-project.org/doc/Rnews/}},
  }    
  

 @Article{svm,
  title = {Misc Functions of the Department of Statistics},
  author = {David Meyer and Evgenia Dimitriadou and Kurt Hornik and Andreas Weingessel and Friedrich Leisch},
  note = {\url{https://cran.r-project.org/web/packages/e1071/e1071.pdf}},
  }
  
  @Article{glmnet,
    title = {Regularization Paths for Generalized Linear Models via
      Coordinate Descent},
    author = {Jerome Friedman and Trevor Hastie and Robert Tibshirani},
    journal = {Journal of Statistical Software},
    year = {2010},
    volume = {33},
    number = {1},
    pages = {1-22},
    note = {\url{http://www.jstatsoft.org/v33/i01/}},
  }
  
  
  @article{strumpf2017,
title = "Did the Great Recession affect mortality rates in the metropolitan United States? Effects on mortality by age, gender and cause of death",
journal = "Social Science and Medicine",
volume = "189",
pages = "11 - 16",
year = "2017",
issn = "0277-9536",
doi = "https://doi.org/10.1016/j.socscimed.2017.07.016",
note = {\url{http://www.sciencedirect.com/science/article/pii/S0277953617304495}},
author = "Erin C. Strumpf and Thomas J. Charters and Sam Harper and Arijit Nandi",
}

  @article{penn2016,
title = "Mortality in the United States: Past, Present, and Future",
year = "2016",
note = {\url{https://budgetmodel.wharton.upenn.edu/issues/2016/1/25/mortality-in-the-united-states-past-present-and-future}},
author = "Penn Wharton Budget Model",
}

@article{gordon2016,
Author = {Gordon, Robert J.},
Title = {Perspectives on The Rise and Fall of American Growth},
Journal = {American Economic Review},
Volume = {106},
Number = {5},
Year = {2016},
Month = {May},
Pages = {72-76},
DOI = {10.1257/aer.p20161126},
note = {\url{https://www.aeaweb.org/articles?id=10.1257/aer.p20161126}}}

@article {case2015,
	author = {Case, Anne and Deaton, Angus},
	title = {Rising morbidity and mortality in midlife among white non-Hispanic Americans in the 21st century},
	volume = {112},
	number = {49},
	pages = {15078--15083},
	year = {2015},
	doi = {10.1073/pnas.1518393112},
	publisher = {National Academy of Sciences},
	issn = {0027-8424},
	note = {\url{https://www.pnas.org/content/112/49/15078}},
	eprint = {https://www.pnas.org/content/112/49/15078.full.pdf},
	journal = {Proceedings of the National Academy of Sciences}
}

@misc{cdc, 
	author={Centers for Disease Control and Prevention},
	title={Mortality Multiple Cause-of-Death Public Use Record},
	note= {\url{https://www.cdc.gov/nchs/nvss/mortality_public_use_data.htm}}
}

@book{agresti_2019, place={Hoboken, NJ}, title={An introduction to categorical data analysis}, publisher={Wiley}, author={Agresti, Alan}, year={2019}, chapter={3}, pages={82-83}} 

@article{glm_nb,
	author = {Brian Ripley},
	title = {Fit a Negative Binomial Generalized Linear Model},
	note = {\url{https://www.rdocumentation.org/packages/MASS/versions/7.3-51.5/topics/glm.nb}},
	journal = {R Documentation}
}

@article{emmeans,
	author = {Russell Length},
	title = {emmeans: Estimated Marginal Means, aka Least-Sqaures Means},
	note = {\url{https://cran.r-project.org/web/packages/emmeans/index.html}},
}

  @Article{mgcv,
    title = {Fast stable restricted maximum likelihood and marginal
      likelihood estimation of semiparametric generalized linear
      models},
    journal = {Journal of the Royal Statistical Society (B)},
    volume = {73},
    number = {1},
    pages = {3-36},
    year = {2011},
    author = {S. N. Wood},
  }
  
  @BOOK{ESL,
  AUTHOR = {Hastie, Trevor and Tibshirani, Robert and Friedman, J. H.},
  TITLE = {The elements of statistical learning: data mining, inference, and prediction, second edition},
  YEAR = {2009},
  PAGES = {745},
  PUBLISHER = {New York: Springer-Verlag}
}

  @Article{mgcviz,
    title = {An introduction to mgcViz: visual tools for GAMs},
    year = {2020},
    author = {Matteo Fasiolo and Raphael Nedellec},
    note = {\url{https://mfasiolo.github.io/mgcViz/articles/mgcviz.html}}
  }
  
  @Misc{cdc_flu,
  title = {Past Seasons Estimated Influenza Disease Burden},
  author = {Centers for Disease Control},
  note = {\url{https://www.cdc.gov/flu/about/burden/past-seasons.html}}
  }
  
  